2231 3590
319 2035 389 2064 Pons
411 2034 470 2063 ΔΕ-

320 2081 383 2112 lius.

320 3029 455 3071 Burgum.

493 265 519 301 4
1009 241 1623 287 TOPOGRAPHIA

491 336 577 375 rna
587 319 745 378 refert,
760 316 966 391 angelus
978 334 1141 369 exerto
1156 316 1324 390 gladio
1338 317 1463 369 visus
1478 318 1543 368 est
1555 315 1731 368 vrbem
1746 333 1808 367 eo
1822 314 1939 369 loco
1952 315 2124 369 defen-

491 396 757 451 deretideo
781 395 951 447 nostro
976 411 1204 464 tempore
1227 394 1405 466 ingens
1422 392 1572 444 statua
1586 391 1762 465 Angeli
1782 393 2125 446 marmoreain

492 474 778 527 summitate
788 470 938 524 molis
953 470 1161 540 reposita
1172 470 1514 528 est‚vtnomen
1527 468 1620 521 arci
1634 468 1986 522 cofirmaretur.
2008 473 2124 523 Hoc

492 548 767 604 Castellum
792 546 1130 600 munitissimis
1155 544 1540 618 propugnaculis
1564 545 1696 598 auxit
1719 548 1770 598 ὅ(
1793 546 1994 598 ornauit
2013 545 2126 599 Ale-

492 625 675 681 xander
687 645 717 680 v
733 647 748 677 1
761 646 793 676 1.
805 625 996 696 Borgia.
1037 623 1115 674 Ab
1129 621 1222 674 hac
1235 640 1342 673 arce
1354 621 1705 676 deambulacra
1717 623 1891 675 secreta
1908 622 2125 676 fornica-

493 721 550 757 to
574 721 722 774 opere
740 698 1113 773 protenduntur
1133 699 1282 771 Vsque
1296 697 1358 749 ad
1372 697 1612 750 Palatium
1634 697 1936 751 Pontificum
1953 740 1965 759 ‚
1981 698 2125 772 quod

491 780 544 834 in
561 778 690 833 colle
703 779 946 833 Vaticano
962 776 1199 827 structum
1224 775 1315 831 est,
1335 792 1622 847 vocantque
1646 775 1984 828 Curritorium
2006 799 2016 826 :
2039 795 2125 847 per
2198 819 2200 822 ,

494 857 639 930 quod
653 854 919 908 Pontifices
933 868 1139 926 Vrgente
1154 850 1432 904 necessitate
1446 851 1571 903 dum
1586 850 2127 910 obfiderentur‚occul-

491 951 540 986 te
550 936 593 985 se
607 930 802 1005 poffent
815 929 1102 988 subducere,
1115 931 1166 981 ὅ(
1178 944 1285 980 tuta
1300 927 1418 1001 fuga
1430 947 1485 980 ex
1497 927 1682 981 Palatio
1696 928 1748 980 in
1761 927 1890 981 lianc
1904 947 2067 982 arcem
2080 929 2124 981 se

491 1010 715 1081 recipere.

566 1091 735 1138 Praeter
745 1084 933 1138 aedificii
949 1083 1295 1136 munitionem
1311 1100 1461 1136 turres
1476 1082 1665 1153 amplas
1680 1084 1885 1136 &omni
1902 1101 2124 1136 tormen-

488 1180 663 1217 torum
684 1161 983 1215 bellicorum
995 1180 1174 1235 genere
1189 1161 1346 1231 probe
1359 1160 1630 1218 instrutftas²
1646 1159 1957 1233 coenaculaq5
1972 1164 2024 1213 ὅ(
2036 1180 2124 1214 cu-

488 1239 657 1293 bicula
670 1238 866 1291 diuerfis
881 1238 1192 1291 ornamentis
1208 1236 1402 1289 illustria
1415 1276 1426 1295 ‚
1443 1256 1598 1308 pauca
1617 1238 1668 1288 in
1689 1235 1791 1290 hoc
1812 1236 1926 1289 loco
1948 1237 2125 1290 viden-—

487 1334 568 1370 tur
580 1316 890 1389 antiquitatis
900 1314 1168 1389 signa,quae
1181 1315 1357 1365 omnia
1372 1313 1546 1365 suntin
1563 1313 1860 1367 Vaticanum
1877 1312 2124 1367 translata.v

488 1393 568 1446 Ad
591 1392 855 1466 ingressum
877 1409 1049 1444 tamen
1072 1407 1226 1462 portae
1238 1388 1442 1442 Palladis
1454 1389 1632 1463 ingens
1645 1408 1793 1462 caput
1804 1391 2058 1463 galeatum
2072 1393 2125 1444 ὅ(

488 1471 739 1524 cristatum
750 1473 971 1522 ereetum
985 1469 1050 1520 est
1061 1472 1262 1539 pectore
1277 1484 1434 1519 tenus.
1461 1467 1534 1517 Est
1546 1466 1739 1518 ibidem
1755 1467 1951 1519 Adriani
1965 1470 2123 1539 Impe-

488 1547 661 1600 ratoris
685 1563 835 1617 caput
854 1562 1049 1597 armato
1073 1548 1293 1614 pectore:
1320 1542 1642 1615 eiusdemque
1666 1543 1980 1614 imperatoris
1993 1544 2124 1597 inte-

486 1643 578 1698 gro
593 1624 747 1675 statua
761 1640 1043 1675 marmorea
1054 1660 1066 1679 ,
1081 1621 1161 1673 sed
1176 1639 1322 1690 opere
1337 1621 1546 1677 recenti,
1563 1621 1706 1691 quod
1721 1637 1891 1672 tamen
1906 1621 2119 1694 antiquo

487 1719 597 1752 non
612 1698 806 1753 videtur
820 1701 1006 1751 cedere.
1029 1701 1083 1748 ln
1110 1694 1349 1749 cubiculo
1373 1696 1616 1767 superiore
1640 1695 1827 1749 locellis
1845 1697 2125 1750 concinna-

486 1774 791 1843 tis(Arcadas
806 1773 959 1830 Galli,
973 1772 1201 1826 Nischios
1215 1789 1403 1824 vocant
1418 1771 1560 1840 Itali)
1577 1773 1803 1845 quinque
1817 1774 1977 1844 capita
1989 1774 2124 1827 viro-

485 1873 600 1906 rum
620 1850 880 1903 illustrium
903 1854 1111 1923 antiqua
1133 1848 1530 1920 conspiciuntur:
1548 1847 1753 1922 Reliqua
1772 1850 1833 1902 ad
1855 1850 2121 1924 antiquita-

486 1948 592 1983 tem
608 1947 714 1980 non
730 1943 993 1998 pertinent.

562 2010 695 2058 Pons
710 2002 881 2055 AElius
894 2002 1145 2060 dicituris‚
1160 2003 1246 2076 qui
1262 2000 1477 2055 Castello
1493 2007 1538 2055 S.
1551 2002 1724 2076 Angeli
1740 2004 1929 2057 vicinus
1943 2004 2034 2063 est,
2048 2004 2121 2058 fa-

487 2088 594 2136 etus
608 2080 672 2134 ab
686 2079 833 2133 AElio
853 2080 1069 2131 Adriano
1084 2099 1240 2150 prope
1253 2079 1514 2152 regionem
1531 2080 1845 2133 Vaticanam:
1866 2100 1949 2152 per
1961 2100 2118 2154 quem

486 2161 538 2212 in
552 2160 697 2211 suum
721 2155 1035 2228 sepulchrum
1049 2156 1275 2208 tranfitus
1290 2154 1402 2208 effet
1415 2155 1628 2214 facilior,
1642 2157 1703 2209 ad
1724 2157 1896 2210 funera
1919 2177 2119 2217 eorum,

486 2238 573 2308 qui
588 2241 638 2286 in
654 2251 759 2286 tam
781 2232 1050 2306 magnifica
1069 2231 1208 2285 mole
1221 2231 1535 2303 sepelirentur
1548 2272 1561 2292 ,
1580 2234 1906 2304 procuranda.
1948 2235 2118 2289 Hodie

485 2318 617 2364 Pons
632 2308 828 2363 Castelli
843 2326 1155 2380 vocatur‚per
1170 2328 1324 2381 quem
1339 2328 1394 2361 ex
1404 2309 1584 2361 vrbein
1598 2313 1819 2385 Burgum
1832 2312 1908 2365 via
1916 2329 2118 2382 proten-

486 2390 619 2441 ditur
631 2387 693 2440 ad
706 2385 946 2438 Palatium
958 2391 1277 2437 summorum
1290 2385 1742 2439 PontificumAnte
1752 2386 1889 2441 hunc
1900 2405 2117 2458 pontem

486 2467 649 2519 statuae
661 2464 847 2516 Petri&
859 2461 992 2515 Pauli
1005 2461 1364 2532 Apostolorum
1379 2481 1670 2515 marmoreae
1682 2464 1792 2516 sunt
1805 2469 1985 2517 erectae.

564 2548 695 2593 Pons
709 2538 1019 2610 triumphalis
1030 2536 1288 2591 dicebatur
1299 2575 1314 2596 ‚
1330 2537 1469 2591 cuius
1482 2545 1631 2591 ruinae
1640 2540 1812 2593 medio
1829 2540 2011 2615 Tyberi
2024 2543 2115 2597 sub

488 2619 638 2671 AElio
659 2617 1034 2686 conspiciuntur
1056 2615 1081 2668 ὲ
1105 2615 1307 2688 regione
1322 2614 1976 2689 XenodochiiS.Spiritus:is
1987 2639 2117 2691 quo-

488 2715 587 2769 que
602 2693 865 2746 Vaticanus
879 2692 1005 2744 olim
1020 2708 1340 2763 nuncupatus
1352 2691 1416 2743 est
1430 2714 1439 2741 :
1455 2691 1597 2764 quod
1611 2711 1695 2763 per
1707 2712 1825 2746 eum
1839 2695 1900 2747 ad
1915 2713 2115 2766 portam

488 2773 780 2824 Vaticanam
797 2767 908 2821 esset
921 2766 1245 2841 transgressus.
1259 2769 1365 2820 Fuit
1375 2766 1500 2819 olim
1515 2768 1778 2840 triumphis
1791 2771 1934 2823 sacer:
1951 2775 2116 2844 Impe-

487 2866 672 2901 ratores
693 2846 828 2898 enim
851 2846 911 2897 de
932 2846 1101 2897 exteris
1119 2843 1386 2915 prouinciis
1405 2847 1457 2896 ὃς
1478 2845 1772 2898 nationibus
1797 2847 2114 2919 triumphan-

489 2924 684 2984 tes,hoc
697 2940 853 2992 ponte
869 2940 1082 2993 pompas
1097 2920 1341 2974 solemnes
1355 2920 1405 2972 in
1422 2920 1737 2993 Capitolium
1750 2923 1982 2997 agebant.

564 3005 783 3073 Burgum
798 3015 985 3051 vocant
997 3017 1109 3050 earn
1122 2997 1252 3052 vrbis
1265 3014 1456 3068 partem
1467 3035 1482 3055 ,
1493 3017 1601 3070 quae
1613 2997 1640 3049 a
1651 2998 1864 3053 Castello
1879 3006 1922 3053 S.
1937 3002 2111 3076 Angeli

487 3083 616 3133 reeta
628 3075 764 3131 ducit
777 3076 838 3129 ad
850 3074 1092 3148 palatium
1102 3074 1420 3128 Pontificum.
1460 3078 1515 3130 In
1537 3073 1768 3130 hocloco
1779 3094 1894 3131 ante
1910 3077 2111 3207 Alexacp3

2077 3174 2112 3207 ri
